@article{davies,
  author = {Chris Davies},
  title = {The Use of Salary Caps in Professional Team Sports and the Restraint of Trade Doctrine},
  journal = {Journal of Contract Law},
  volume = {22},
  number = {3},
  pages = {246--267},
  year = {2006}
},

@article{owens,
  author = {Evan S. Totty and Mark F. Owens},
  title = {Salary Caps and Competitive Balance in Professional Sports Leagues},
  journal = {Journal For Economic Educators},
  volume = {11},
  number = {2},
  pages = {46--56},
  year = {2011}
},


@article{helmut,
  author = {Helmut Dietl and  M. Lang and Alexander Rathke},
  title = {The Effect of Salary Caps in Professional Team Sports on Social Welfare},
  journal = {The B.E. Journal of Economic Analysis and Policy},
  volume = {9},
  pages = {1--21},
  year = {2009}
},

@article{zimmer,
  author = {Timothy E. Zimmer},
  title = {The Impact of NFL Salary Cap Concentration on Team Success},
  journal = {Sports Management International Journal},
  volume = {12},
  pages = {54--66},
  year = {2016}
},

@article{vrooman,
  author = {John Vrooman},
  title = {The Economics of American Sports Leagues},
  journal = {Scottish Journal of Political Economy},
  volume = {47},
  number = {4},
  pages = {364--398},
  year = {2000}
},

@misc{abdul, title={The NBA has surpassed the NFL as the league of America's future | Kareem Abdul-Jabbar}, url={https://www.theguardian.com/sport/2017/dec/12/nba-surpassed-nfl-league-of-americas-future-kareem-abdul-jabbar}, journal={The Guardian}, publisher={Guardian News and Media}, author={Abdul-Jabbar, Kareem}, year={2017}, month={Dec}},

@misc{gomez, title={Silver: Superteams are not good for the NBA}, url={https://www.sbnation.com/2016/7/12/12168934/adam-silver-warriors-kevin-durant-superteams-bad-for-nba}, journal={SBNation.com}, publisher={SBNation.com}, author={Gomez, Jesus}, year={2016}, month={Jul}}


