@article{salary Caps,
  author =       "Paul Staudohar",
  title =        "Salary Caps in Professional Team Sports",
  journal =      "Bureau of Labor Statistics Monthly Labor Review: Compensation and Working Conditions",
  pages =        "1--11",
  year =         "1998",
  DOI =          "https://www.bls.gov/opub/mlr/cwc/salary-caps-in-professional-team-sports.pdf"
},

 
@misc{urbanGrowth,
    author    = "Adam Millsap",
    title     = "What the NBA Can Teach Us about Location Choice and Urban Growth",
    url    = "https://www.mercatus.org/commentary/what-nba-can-teach-us-about-location-choice-and-urban-growth"
},

@article{impact of caps,
  author =       "Stefan Kesenne",
  title =        "The Impact of Salary Caps in Professional Team Sports",
  journal =      "Scottish Journal of Political Economy",
  volume =       "47",
  number =       "4",
  pages =        "422--430",
  year =         "2000",
  DOI =          "https://onlinelibrary.wiley.com/doi/pdf/10.1111/1467-9485.00171"
},

@article{use of caps,
  author =       "Chris Davies",
  title =        "The Use of Salary Caps in Professional Team Sports and the Restraint of Trade Doctrine",
  journal =      "Jounral of Contract Law",
  volume =       "22",
  number =       "1",
  pages =        "246--267",
  year =         "2006",
  DOI =          "https://researchonline.jcu.edu.au/4659/1/4659_Davies_2006.pdf"
},


@misc{salary caps fair,
    author    = "Jim Pagels",
    title     = "Are Salary Caps for Professional Athletes Fair?",
    url    = "https://priceonomics.com/are-salary-caps-for-professional-athletes-fair/"
},

@article{compeitive balance,
  author =       "Evan S. Totty, Mark F. Owens",
  title =        "Salary Caps and Competitive Balance in Professional Sports Leagues",
  journal =      "Journal For Economic Educators",
  volume =       "11",
  number =       "2",
  pages =        "46--56",
  year =         "2011",
  DOI =          "https://pdfs.semanticscholar.org/239b/d7adbd8b7e9a8d384b5466e0bfc56f005633.pdf"
}
